@article{clevert2015fast,
  title={Fast and accurate deep network learning by exponential linear units (elus)},
  author={Clevert, Djork-Arn{\'e} and Unterthiner, Thomas and Hochreiter, Sepp},
  journal={arXiv preprint arXiv:1511.07289},
  year={2015}
}

@article{kingma2013auto,
  title={Auto-encoding variational bayes},
  author={Kingma, Diederik P and Welling, Max},
  journal={arXiv preprint arXiv:1312.6114},
  year={2013}
}

@inproceedings{boureau2008sparse,
  title={Sparse feature learning for deep belief networks},
  author={Boureau, Y-lan and Cun, Yann L and others},
  booktitle={Advances in neural information processing systems},
  pages={1185--1192},
  year={2008}
}

@article{vincent2010stacked,
  title={Stacked denoising autoencoders: Learning useful representations in a deep network with a local denoising criterion},
  author={Vincent, Pascal and Larochelle, Hugo and Lajoie, Isabelle and Bengio, Yoshua and Manzagol, Pierre-Antoine},
  journal={Journal of Machine Learning Research},
  volume={11},
  number={Dec},
  pages={3371--3408},
  year={2010}
}

@inproceedings{bengio2007greedy,
  title={Greedy layer-wise training of deep networks},
  author={Bengio, Yoshua and Lamblin, Pascal and Popovici, Dan and Larochelle, Hugo},
  booktitle={Advances in neural information processing systems},
  pages={153--160},
  year={2007}
}

@article{hinton2002training,
  title={Training products of experts by minimizing contrastive divergence},
  author={Hinton, Geoffrey E},
  journal={Neural Computation},
  volume={14},
  pages={1711-1800},
  year={2002}
}

@article{siuly2015exploring,
  title={Exploring sampling in the detection of multicategory EEG signals},
  author={Siuly, Siuly and Kabir, Enamul and Wang, Hua and Zhang, Yanchun},
  journal={Computational and mathematical methods in medicine},
  volume={2015},
  year={2015},
  publisher={Hindawi Publishing Corporation}
}

@article{kannathal2005entropies,
  title={Entropies for detection of epilepsy in EEG},
  author={Kannathal, N and Choo, Min Lim and Acharya, U Rajendra and Sadasivan, PK},
  journal={Computer methods and programs in biomedicine},
  volume={80},
  number={3},
  pages={187--194},
  year={2005},
  publisher={Elsevier}
}

@article{andrzejak2001indications,
  title={Indications of nonlinear deterministic and finite-dimensional structures in time series of brain electrical activity: Dependence on recording region and brain state},
  author={Andrzejak, Ralph G and Lehnertz, Klaus and Mormann, Florian and Rieke, Christoph and David, Peter and Elger, Christian E},
  journal={Physical Review E},
  volume={64},
  number={6},
  pages={061907},
  year={2001},
  publisher={APS}
}

@article{nigam2004neural,
  title={A neural-network-based detection of epilepsy},
  author={Nigam, Vivek Prakash and Graupe, Daniel},
  journal={Neurological Research},
  volume={26},
  number={1},
  pages={55--60},
  year={2004},
  publisher={Taylor \& Francis}
}

@article{wulsin2011modeling,
  title={Modeling electroencephalography waveforms with semi-supervised deep belief nets: fast classification and anomaly measurement},
  author={Wulsin, DF and Gupta, JR and Mani, R and Blanco, JA and Litt, B},
  journal={Journal of neural engineering},
  volume={8},
  number={3},
  pages={036015},
  year={2011},
  publisher={IOP Publishing}
}

@article{hinton2006reducing,
  title={Reducing the dimensionality of data with neural networks},
  author={Hinton, Geoffrey E and Salakhutdinov, Ruslan R},
  journal={science},
  volume={313},
  number={5786},
  pages={504--507},
  year={2006},
  publisher={American Association for the Advancement of Science}
}

@article{langkvist2012sleep,
  title={Sleep stage classification using unsupervised feature learning},
  author={L{\"a}ngkvist, Martin and Karlsson, Lars and Loutfi, Amy},
  journal={Advances in Artificial Neural Systems},
  volume={2012},
  pages={5},
  year={2012},
  publisher={Hindawi Publishing Corp.}
}

@article{wang2013modeling,
  title={Modeling physiological data with deep belief networks},
  author={Wang, Dan and Shang, Yi},
  journal={International journal of information and education technology (IJIET)},
  volume={3},
  number={5},
  pages={505},
  year={2013},
  publisher={NIH Public Access}
}

@misc{UCISeizure,
  title = {Epileptic Seizure Recognition Data Set},
  howpublished = {\url{https://archive.ics.uci.edu/ml/datasets/Epileptic+Seizure+Recognition#}},
  note = {Accessed: 2017-12-12}
}

@article{hinton2006fast,
  title={A fast learning algorithm for deep belief nets},
  author={Hinton, Geoffrey E and Osindero, Simon and Teh, Yee-Whye},
  journal={Neural computation},
  volume={18},
  number={7},
  pages={1527--1554},
  year={2006},
  publisher={MIT Press}
}

@article{hinton2006training,
  title={Training products of experts by minimizing contrastive divergence},
  author={Hinton, Geoffrey E},
  journal={Training},
  volume={14},
  number={8},
  year={2006},
  publisher={MIT Press}
}

@article{kabir2016epileptic,
  title={Epileptic seizure detection from EEG signals using logistic model trees},
  author={Kabir, Enamul and Siuly and Zhang, Yanchun},
  journal={Brain informatics},
  volume={3},
  number={2},
  pages={93--100},
  year={2016},
  publisher={Springer}
}

@article{srivastava2014dropout,
  title={Dropout: a simple way to prevent neural networks from overfitting.},
  author={Srivastava, Nitish and Hinton, Geoffrey E and Krizhevsky, Alex and Sutskever, Ilya and Salakhutdinov, Ruslan},
  journal={Journal of machine learning research},
  volume={15},
  number={1},
  pages={1929--1958},
  year={2014}
}

@article{guler2005recurrent,
  title={Recurrent neural networks employing Lyapunov exponents for EEG signals classification},
  author={G{\"u}ler, Nihal Fatma and {\"U}beyli, Elif Derya and G{\"u}ler, Inan},
  journal={Expert systems with applications},
  volume={29},
  number={3},
  pages={506--514},
  year={2005},
  publisher={Elsevier}
}

@article{guler2005adaptive,
  title={Adaptive neuro-fuzzy inference system for classification of EEG signals using wavelet coefficients},
  author={G{\"u}ler, Inan and {\"U}beyli, Elif Derya},
  journal={Journal of neuroscience methods},
  volume={148},
  number={2},
  pages={113--121},
  year={2005},
  publisher={Elsevier}
}

@inproceedings{glorot2010understanding,
  title={Understanding the difficulty of training deep feedforward neural networks},
  author={Glorot, Xavier and Bengio, Yoshua},
  booktitle={Proceedings of the thirteenth international conference on artificial intelligence and statistics},
  pages={249--256},
  year={2010}
}