@article{andrzejak2001indications,
  title={Indications of nonlinear deterministic and finite-dimensional structures in time series of brain electrical activity: Dependence on recording region and brain state},
  author={Andrzejak, Ralph G and Lehnertz, Klaus and Mormann, Florian and Rieke, Christoph and David, Peter and Elger, Christian E},
  journal={Physical Review E},
  volume={64},
  number={6},
  pages={061907},
  year={2001},
  publisher={APS}
}

@article{nigam2004neural,
  title={A neural-network-based detection of epilepsy},
  author={Nigam, Vivek Prakash and Graupe, Daniel},
  journal={Neurological Research},
  volume={26},
  number={1},
  pages={55--60},
  year={2004},
  publisher={Taylor \& Francis}
}

@article{wulsin2011modeling,
  title={Modeling electroencephalography waveforms with semi-supervised deep belief nets: fast classification and anomaly measurement},
  author={Wulsin, DF and Gupta, JR and Mani, R and Blanco, JA and Litt, B},
  journal={Journal of neural engineering},
  volume={8},
  number={3},
  pages={036015},
  year={2011},
  publisher={IOP Publishing}
}

@article{hinton2006reducing,
  title={Reducing the dimensionality of data with neural networks},
  author={Hinton, Geoffrey E and Salakhutdinov, Ruslan R},
  journal={science},
  volume={313},
  number={5786},
  pages={504--507},
  year={2006},
  publisher={American Association for the Advancement of Science}
}

@article{langkvist2012sleep,
  title={Sleep stage classification using unsupervised feature learning},
  author={L{\"a}ngkvist, Martin and Karlsson, Lars and Loutfi, Amy},
  journal={Advances in Artificial Neural Systems},
  volume={2012},
  pages={5},
  year={2012},
  publisher={Hindawi Publishing Corp.}
}